@misc {forbesdefination,
   url = {https://www.forbes.com/advisor/investing/cryptocurrency/nft-non-fungible-token/},
   title = {What Is An NFT? Non-Fungible Tokens Explained},
   year = {2023},
   author = {{Conti, R}},
}
@misc {blockchainmeta,
   url = {https://www.sciencedirect.com/science/article/pii/S0167739X23000493},
   title = {Blockchain for the metaverse: A Review},
   year = {2023},
   author = {{Thien Huynh-The and Thippa Reddy Gadekallu and Weizheng Wang and Gokul Yenduri and Pasika Ranaweera and Quoc-Viet Pham and Daniel Benevides {da Costa} and Madhusanka Liyanage}},
}
@misc {nftmoney,
   url = {https://www.nbcnews.com/tech/tech-news/art-nfts-beeple-reflects-one-year-historic-69-million-digital-art-sale-rcna18989},
   title = {Art and NFTs: Beeple reflects one year after historic 69 million digital art sale},
   year = {2022},
   author = {{Spielberger,Daniel}},
}
@misc {IBMSmartcontractt,
   url = {https://www.ibm.com/topics/smart-contracts},
   title = {What are smart contracts on blockchain},
   year = {2023},
   author = {{IBM}},
}

@misc {erc115standered,
   url = {https://eips.ethereum.org/EIPS/eip-1155},
   title = {ERC-1155: Multi Token Standard},
   year = {2018},
   author = {{radomski witek}},
}

@misc {ERC-721_vs_ERC-1155,
   url = {https://uncommon.me/blog/erc-721-vs-erc-1155-nft-standards},
   title = {ERC-721 vs ERC-1155: Understanding the Differences Between NFT Standards - Uncommon. Uncommon.},
   year = {2023},
   author = {{RADASS, A.}},
}

@misc {nftrisk,
   url = {https://sevenpillarsinstitute.org/nfts-risks-rewards-ethics/},
   title = {NFTs: Risks, Rewards, Ethics},
   year = {2023},
   author = {{Ingold Lucy }},
}

@misc {ERC-721_stand,
   url = {https://docs.openzeppelin.com/contracts/3.x/erc721#:~:text=ERC721%20is%20a%20standard%20for,across%20a%20number%20of%20contracts.},
   title = {ERC721 - OpenZeppelin Docs. (n.d.). ERC721.},
   year = {2023},
   author = {{openzeppelin}},
}
}

@misc {ERC-721_vs_ERC-1155,
   url = {https://uncommon.me/blog/erc-721-vs-erc-1155-nft-standards},
   title = {ERC-721 vs ERC-1155: Understanding the Differences Between NFT Standards - Uncommon. Uncommon.},
   year = {2023},
   author = {{openzeppelin}},
}



